% This bib file if in alphabetical order

@article{leslie,
  title={A new integral representation for quasi-periodic fields and its application to two-dimensional band structure calculations},
  author={Barnett, A. and  Greengard, L.},
  journal={J. Comput. Phys.},
  volume={229},
  number={19},
  pages={6898--6914},
  year={2010}
}


@article{Lipton,
  title={Creating band gaps in periodic media},
  author={Lipton, R. and Viator Jr., R.},
  journal={arXiv:1607.02365},
  volume={},
  number={},
  pages={},
  year={2016}
}

@article{Lipton2,
  title={Bloch waves in crystals and periodic high contrast media},
  author={Lipton, R. and Viator Jr., R.},
  journal={ESAIM: M2AN, DOI:10.1051/m2an/2016046},
  volume={},
  number={},
  pages={},
  year={2016}
}

@article{figotin,
  title={Spectral properties of classical waves in high-contrast periodic media},
  author={Figotin, A. and Kuchment, P.},
  journal={SIAM J. Appl. Math.},
  volume={58},
  number={},
  pages={ 683--702},
  year={1998}
}



@article{soussi,
  title={Layer potential techniques in spectral analysis. II. Sensitivity analysis of spectral properties of high contrast band-gap materials},
  author={Ammari, H. and Kang, H. and  Soussi, S. and  Zribi, H.},
  journal={Multiscale Model. Simul. },
  volume={5},
  number={2},
  pages={646--663},
  year={2006}
}



@article{hempel,
  title={Spectral properties of periodic media in the large coupling limit},
  author={Hempel, R. and Lienau, K.},
  journal={Comm. Partial Differential Equations},
  volume={25},
  number={},
  pages={1445--1470},
  year={2000}
}


@article{arma,
  title={Asymptotic analysis of high-contrast phononic crystals and a criterion for the band-gap opening},
  author={ Ammari, H. and Kang, H. and Lee, H. },
  journal={Arch. Ration. Mech. Anal.},
  volume={193},
  number={3},
  pages={679--714},
  year={2009}
}



@article{Linton2010,
  title={Lattice Sums for the Helmholtz Equation},
  author={Linton, C. M.},
  journal={SIAM Rev.},
  volume={52},
  number={4},
  pages={630--674},
  year={2010}
}

@article{matias1,
title={Mathematical analysis of plasmonic nanoparticles: the scalar case},
author={Ammari, H. and Millien, P. and Ruiz, M. and Zhang, H.},
volume = {},
	number = {},
	year = {2017},
	pages={},
	journal = {Arch. Ration. Mech. Anal., DOI:10.1007/s00205-017-1084-5}
	}



@article{matias2,
title={Mathematical analysis of plasmonic resonances for nanoparticles: the full Maxwell equations},
author={Ammari, H. and Ruiz, M. and Yu, S. and Zhang, H.},
volume = {261},
	number = {},
	year = {2016},
	pages={3615--3669},
	journal = {J. Differ. Equat.}
	}

@article{phononic1,
title={Locally resonant sonic materials},
author={Liu, Z. and  and Zhang, X. and Mao, Y. and Zhu, Y.Y. and Yang, Z.  and Chan, C.T. and Sheng, P. },
volume = {289},
	number = {5485},
	year = {2000},
	pages={1734--1736},
	journal = {Science}
	}
	
@article{phononic2,
title={Analytic model of phononic crystals with local resonances},
author={Liu, Z. and  Chan, C.T. and Sheng, P. },
volume = {71},
	number = {1},
	year = {2005},
	pages={014103},
	journal = {Phys. review B}
	}



@article{H3a,
title={{M}innaert resonances for acoustic waves in bubbly media},
author={Ammari, H. and Gontier, D. and Fitzpatrick B. and Lee, H. and  Zhang, H.},
volume = {},
	number = {},
	year = {2016},
	journal = {arXiv:1603.03982}
	}






@article{H3b,
title={A mathematical and numerical framework for bubble meta-screens},
author={Ammari, H. and Gontier, D. and Fitzpatrick B. and Lee, H. and  Zhang, H.},
volume = {},
	number = {},
	year = {2016},
	journal = { arXiv:1608.02733}
	}


@article{nature,
title={Bubbly but quiet},
author={Thomas, E.L.},
volume = {462},
	number = {24},
	year = {2009},
	paes={990--991},
	journal = {Nature}
	}



@article{pnas,
title={Composite 3D-printed metastructures for low-frequency and broadband vibration absorption},
author={Matlack, K.H. and Bauhofer, A. and Kr\"odel, S. and Palermo, A. and Daraio, C.},
volume = {113},
	number = {30},
	year = {2016},
	pages={8386--8390},
	journal = {Proc. Natl. Acad. Sci. USA}
	}


@article{bloch,
title={Homogenization of periodic structures via Bloch decomposition},
author={Conca, C. and Vanninathan, M.},
volume = {57},
	number = {},
	year = {1997},
	pages={1639--1659},
	journal = {SIAM. J. Appl. Math.}
	}


%Functional Analysis and Its Applications
%July 2016, Volume 50, Issue 3, pp 204â€“218
%On the convergence of bloch eigenfunctions in homogenization problems
%V. V. Zhikov, V.V. and Pastukhova, S.E.





@article{Ammari_Hai,
title={Effective medium theory for acoustic waves in bubbly fluids near Minnaert resonant frequency},
author={Ammari, H. and  Zhang, H.},
volume = {},
	number = {},
	year = {2016},
	journal = { arXiv:1604.08409}
	}


@book{Ammari2007_polarizationBook,
  title={Polarization and moment tensors: with applications to inverse problems and effective medium theory},
  author={Ammari, H. and Kang, H.},
  volume={162},
  year={2007},
  publisher={Springer Science \& Business Media}
}


@book{Ammari2009_book,
  title={Layer potential techniques in spectral analysis},
  author={Ammari, H. and Kang, H. and Lee, H.},
  volume={153},
  year={2009},
  publisher={American Mathematical Society Providence}
}

@article{Ammari2015,
year={2015},
journal={Commun. in Math. Phys.},
volume={337},
number={1},
title={A Mathematical Theory of Super-Resolution by Using a System of Sub-Wavelength {H}elmholtz Resonators},
author={Ammari, H. and Zhang, H.},
pages={379-428},
}

@article {Ammari2015_a,
	author = {Ammari, H. and Zhang, H.},
	title = {Super-resolution in high-contrast media},
	volume = {471},
	number = {2178},
	year = {2015},
	journal = {Proc. R. Soc. A}
}

@article{Ammari2015_c,
  title={Mathematical analysis of plasmonic nanoparticles: the scalar case},
  author={Ammari, H. and Millien, P. and Ruiz, M. and Zhang, H.},
  journal={arXiv preprint arXiv:1506.00866},
  year={2015}
}


@article{Bal2002,
author = {Bal, G. and Papanicolaou, G. and Ryzhik, L.},
title = {Self-averaging in time reversal for the parabolic wave equation},
journal = {Stochastics and Dynamics},
volume = {2},
number = {4},
pages = {507-531},
year = {2002},
}

@article{Borcea2003,
author = {Borcea, L. and Papanicolaou, G. and Tsogka, Ch.},
journal = {Contemporary Mathematics},
pages = {63--77},
title = {{A resolution study for imaging and time reversal in random media}},
volume = {333},
year = {2003},
}

@article{Caflisch1985,
  title={Effective equations for wave propagation in bubbly liquids},
  author={Caflisch, R.E. and Miksis, M.J. and Papanicolaou, G.C. and Ting, L.},
  journal={J. Fluid Mech.},
  volume={153},
  pages={259--273},
  year={1985},
  publisher={Cambridge Univ Press}
}

@article{Caflisch1985_a,
  title={Wave propagation in bubbly liquids at finite volume fraction},
  author={Caflisch, R.E. and Miksis, M.J. and Papanicolaou, G.C. and Ting, L.},
  journal={J. Fluid Mech.},
  volume={160},
  pages={1--14},
  year={1985},
  publisher={Cambridge Univ Press}
}


@article{Calvo2012,
  title={Low-frequency resonance of an oblate spheroidal cavity in a soft elastic medium},
  author={Calvo, D.C. and Thangawng, A.L. and Layman, C.N.},
  journal={J. Acoust. Soc. Am.},
  volume={132},
  number={1},
  pages={EL1--EL7},
  year={2012},
  publisher={Acoustical Society of America}
}

@article{Cheng2004,
  title={Fast, accurate integral equation methods for the analysis of photonic crystal fibers {I}: {T}heory},
  author={Cheng, H. and Crutchfield, W. and Doery, M. and Greengard, L.},
  journal={Optics Express},
  volume={12},
  number={16},
  pages={3791--3805},
  year={2004},
  publisher={Optical Society of America}
}


@article{Devaud2008,
  author={Devaud, M. and Hocquet, Th. and Bacri, J.-C. and Leroy, V.},
  title={The {M}innaert bubble: an acoustic approach},
  journal={Eur. J. Phys.},
  volume={29},
  number={6},
  pages={1263},
  year={2008},
}

@article{Feuillade1995,
  title={Scattering from collective modes of air bubbles in water and the physical mechanism of superresonances},
  author={Feuillade, C.},
  journal={J. Acoust. Soc. Am.},
  volume={98},
  number={2},
  pages={1178--1190},
  year={1995},
  publisher={Acoustical Society of America}
}


@article{Foldy1945,
  title = {The Multiple Scattering of Waves. {I}. {G}eneral Theory of Isotropic Scattering by Randomly Distributed Scatterers},
  author = {Foldy, L.L.},
  journal = {Phys. Rev.},
  volume = {67},
  issue = {3-4},
  pages = {107--119},
  year = {1945},
}

@article{Galstyan2015,
  title={A note on the breathing mode of an elastic sphere in {N}ewtonian and complex fluids},
  author={Galstyan, V. and Pak, O.S. and Stone, H.A.},
  journal={Phys. Fluids},
  volume={27},
  number={3},
  pages={032001},
  year={2015},
  publisher={AIP Publishing}
}


@article{Gohberg1971,
  title={An operator generalization of the logarithmic residue theorem and the theorem of {R}ouch\'{e}},
  author={Gohberg, I.C. and Sigal, E.I.},
  journal={Sb. Math.},
  volume={13},
  number={4},
  pages={603--625},
  year={1971}
}

@article{Hwang2000,
  title={Low-Frequency Resonant Scattering of Bubble Clouds},
  author={Hwang, P.A. and Teague, W.J.},
  journal={J. Atmos. Oceanic Technol.},
  volume={17},
  number={6},
  pages={847--853},
  year={2000}
}

@article{Kargl2002,
  title={Effective medium approach to linear acoustics in bubbly liquids},
  author={Kargl, S.G.},
  journal={J. Acoust. Soc. Am.},
  volume={111},
  number={1},
  pages={168--173},
  year={2002},
  publisher={Acoustical Society of America}
}


@book{Kato1995,
  title={{Perturbation Theory for Linear Operators}},
  author={Kato, T.},
  year={1995},
  publisher={Springer-Verlag Berlin Heidelberg}
}

@article{Khavinson2007,
  title={Poincar\'e's variational problem in potential theory},
  author={Khavinson, D. and Putinar, M. and Shapiro, H.S.},
  journal={Arch. Rational Mech. Anal.},
  volume={185},
  number={1},
  pages={143--184},
  year={2007},
  publisher={Springer}
}


@article{Lanoy2015,
author = {Lanoy, M. and Pierrat, R. and Lemoult, F. and Fink, M. and Leroy, V. and Tourin, A.},
journal = {Phys. Rev. B},
number = {22},
pages = {224202},
title = {{Subwavelength focusing in bubbly media using broadband time reversal}},
volume = {91},
year = {2015}
}

@article{Leroy2002,
  title={The air bubble: Experiments on an unusual harmonic oscillator},
  author={Leroy, V. and Devaud, M. and Bacri, J.-C.},
  journal={Am. J. Phys.},
  volume={70},
  number={10},
  pages={1012--1019},
  year={2002},
  publisher={American Association of Physics Teachers}
}

@article{Leroy2009,
  title={Design and characterization of bubble phononic crystals},
  author={Leroy, V. and Bretagne, A. and Fink, M. and Willaime, H. and Tabeling, P. and Tourin, A.},
  journal={Appl. Phys. Lett.},
  volume={95},
  number={17},
  pages={171904},
  year={2009},
  publisher={AIP Publishing}
}

@article{Leroy2009_a,
  title={Transmission of ultrasound through a single layer of bubbles},
  author={Leroy, V. and Strybulevych, A. and Scanlon, M.G. and Page, J.H.},
  journal={Eur. Phys. J. E},
  volume={29},
  number={1},
  pages={123--130},
  year={2009},
  publisher={Springer}
}

@book{Lions1972,
  title={Non-homogeneous boundary value problems and applications},
  author={Lions, J.L. and Magenes, E.},
  volume={1},
  serie={181},
  year={1972},
  publisher={Springer Berlin Heidelberg}
}


@article{Minnaert1933,
author = {Minnaert, M.},
title = {{XVI}. {O}n musical air-bubbles and the sounds of running water},
journal = {The London, Edinburgh, Dublin Philos. Mag. and J. of Sci.},
volume = {16},
number = {104},
pages = {235-248},
year = {1933},
}


@book{Nedelec2001,
title={Acoustic and Electromagnetic Equations},
author={Nedelec, J.-C.},
volume={144},
year={2001},
publisher={Springer-Verlag New York},
}

@book{Titchmarsh_book,
  author = {Titchmarsh, E.C.},
  title = {Introduction to the {T}heory of {F}ourier Integrals (second edition)},
  publisher = {Oxford, Clarendon Press},
  year = {1948},
}


@article{Verchota1984,
  title={Layer potentials and regularity for the {D}irichlet problem for {L}aplace's equation in {L}ipschitz domains},
  author={Verchota, G.},
  journal={J. Funct. Anal.},
  volume={59},
  number={3},
  pages={572--611},
  year={1984},
  publisher={Elsevier}
}


