@ARTICLE{bandgap,
   author = {{Ammari}, H. and {Fitzpatrick}, B. and {Lee}, H. and {Yu}, S. and 
	{Zhang}, H.},
    title = "{Subwavelength phononic bandgap opening in bubbly media}",
  journal = {ArXiv e-prints},
archivePrefix = "arXiv",
   eprint = {1702.05317},
 primaryClass = "math.AP",
 keywords = {Mathematics - Analysis of PDEs, 35R30, 35C20},
     year = 2017,
    month = feb,
   adsurl = {http://adsabs.harvard.edu/abs/2017arXiv170205317A},
  adsnote = {Provided by the SAO/NASA Astrophysics Data System}
}

@ARTICLE{first,
   author = {{Ammari}, H. and {Fitzpatrick}, B. and {Gontier}, D. and {Lee}, H. and 
	{Zhang}, H.},
    title = "{Minnaert resonances for acoustic waves in bubbly media}",
  journal = {ArXiv e-prints},
archivePrefix = "arXiv",
   eprint = {1603.03982},
 primaryClass = "math.AP",
 keywords = {Mathematics - Analysis of PDEs, 35R30, 35C20},
     year = 2016,
    month = mar,
   adsurl = {http://adsabs.harvard.edu/abs/2016arXiv160303982A},
  adsnote = {Provided by the SAO/NASA Astrophysics Data System}
}


@Article{experiment,
AUTHOR = {Lemoult, Fabrice and Kaina, Nad√®ge and Fink, Mathias and Lerosey, Geoffroy},
TITLE = {Soda Cans Metamaterial: A Subwavelength-Scaled Phononic Crystal},
JOURNAL = {Crystals},
VOLUME = {6},
YEAR = {2016},
NUMBER = {7},
ARTICLE NUMBER = {82},
URL = {http://www.mdpi.com/2073-4352/6/7/82},
ISSN = {2073-4352},
DOI = {10.3390/cryst6070082}
}

@Techreport{lecturenotes,
  author = {H. Ammari and B. Fitzpatrick and H. Kang and M. Ruiz and S. Yu and H. Zhang},
  title = {Mathematical and Computational Methods in Photonics and Phononics},
  institution = {Seminar for Applied Mathematics, ETH Z{\"u}rich},
  number = {2017-05},
  address = {Switzerland},
  url = {https://www.sam.math.ethz.ch/sam_reports/reports_final/reports2017/2017-05.pdf },
  year = {2017}
}

@article{asymptotics,
author = {Ammari, Habib and Kang, Hyeonbae and Kim, Eunjoo},
year = {2006},
month = {04},
pages = {},
title = {Approximate boundary conditions for patch antennas mounted on thin dielectric layers},
volume = {1},
booktitle = {Communications in Computational Physics}
}



@article {asymptoticsderivative,
author = {Khelifi, Abdessatar and Zribi, Habib},
title = {Asymptotic expansions for the voltage potentials with two-dimensional and three-dimensional thin interfaces},
journal = {Mathematical Methods in the Applied Sciences},
volume = {34},
number = {18},
publisher = {John Wiley & Sons, Ltd},
issn = {1099-1476},
url = {http://dx.doi.org/10.1002/mma.1529},
doi = {10.1002/mma.1529},
pages = {2274--2290},
keywords = {thin inclusion, small perturbations, highly conducting inclusion, interfacial resistance, asymptotic expansions, boundary integral method},
year = {2011},
}

@book{weakdifffcn,
 author = {Ziemer, William P.},
 title = {Weakly Differentiable Functions},
 year = {1989},
 isbn = {0-387-97017-7},
 publisher = {Springer-Verlag New York, Inc.},
 address = {New York, NY, USA},
} 

@article{effectivemedium,
author = {Habib Ammari and Hai Zhang},
title = {Effective Medium Theory for Acoustic Waves in Bubbly Fluids near Minnaert Resonant Frequency},
journal = {SIAM Journal on Mathematical Analysis},
volume = {49},
number = {4},
pages = {3252-3276},
year = {2017},
doi = {10.1137/16M1078574},

URL = { 
        https://doi.org/10.1137/16M1078574
    
},
eprint = { 
        https://doi.org/10.1137/16M1078574
    
}

}


